@phdthesis{YangPhd,
  Type = {dissertation},
  Title = {Preventing Information Leaks with Policy-Agnostic Programming},
  Author = {J. Yang},
  School = {MIT},
  URL = {http://www.cs.cmu.edu/~jyang2/papers/jeanyang_phd_thesis.pdf},
  Year = {2015},
}

@Misc{jifurl,
author =   {A. C. Myers, N. Nystrom, L. Zheng and S. Zdancewic},
title =    {Jif: Java information flow},
howpublished = {\url{http://www.cs.cornell.edu/jif}},
year = {2015},
note = {[Online]; accessed April, 2017}
}

@Misc{nexus,
author = {T. B. Lee},
title = {WorldWideWeb},
howpublished = {\url{https://www.w3.org/People/Berners-Lee/WorldWideWeb.html}},
year = {1990},
note = {[Online]; accessed April, 2017}
}

@inproceedings{Russo,
	author={A. Russo and A. Sabelfeld},
	year={2010},
	title={Dynamic vs. Static Flow-Sensitive Security Analysis},
	booktitle={2010 23rd IEEE Computer Security Foundations Symposium},
	pages={186-199},
	isbn={1063-6900},
	url={http://www.cse.chalmers.se/~andrei/csf10.pdf}
}

@inproceedings{Faceted,
	author={Thomas H. Austin and Cormac Flanagan},
	year={2012},
	title={Multiple Facets for Dynamic Information Flow},
	booktitle={Proceedings of the 39th Annual ACM SIGPLAN-SIGACT Symposium on Principles of Programming Languages},
	series={POPL '12},
	publisher={ACM},
	address={New York, NY, USA},
	location={Philadelphia, PA, USA},
	pages={165-178},
	keywords={dynamic analysis; information flow control; javascript; web security},
	isbn={978-1-4503-1083-3},
	url={http://doi.acm.org/10.1145/2103656.2103677}
}

@inproceedings{Jeeves,
	author={Jean Yang and Kuat Yessenov and Armando Solar-Lezama},
	year={2012},
	title={A language for automatically enforcing privacy policies},
	booktitle={Proceedings of the 39th Annual ACM SIGPLAN-SIGACT Symposium on Principles of Programming Languages},
	series={POPL '12},
	publisher={ACM},
	address={New York, NY, USA},
	location={Philadelphia, PA, USA},
	pages={85-96},
	url = {http://projects.csail.mit.edu/jeeves/papers/popl088-yang.pdf}
}

@inproceedings{FacetedJeeves,
	author={Thomas H. Austin and Jean Yang and Cormac Flanagan and Armando Solar-Lezama},
	year={2013},
	title={Faceted execution of policy-agnostic programs},
	booktitle={Proceedings of the Eighth ACM SIGPLAN workshop on Programming languages and analysis for security},
	series={PLAS '13},
	publisher={ACM},
	address={New York, NY, USA},
	pages={15-26},
	url = {http://projects.csail.mit.edu/jeeves/papers/plas07-austin.pdf}
}

@inproceedings{Chlipala,
	author={Adam Chlipala},
	year={2010},
	title={Static Checking of Dynamically-varying Security Policies in Database-backed Applications},
	booktitle={Proceedings of the 9th USENIX Conference on Operating Systems Design and Implementation},
	series={OSDI'10},
	publisher={USENIX Association},
	address={Berkeley, CA, USA},
	location={Vancouver, BC, Canada},
	pages={105-118},
	url={http://dl.acm.org/citation.cfm?id=1924943.1924951}
}

@inproceedings{Z3solver,
	author={Leonardo De Moura and Nikolaj Bj{\o}rner},
	year={2008},
	title={Z3: An Efficient SMT Solver},
	booktitle={Proceedings of the Theory and Practice of Software, 14th International Conference on Tools and Algorithms for the Construction and Analysis of Systems},
	series={TACAS'08/ETAPS'08},
	publisher={Springer-Verlag},
	address={Berlin, Heidelberg},
	location={Budapest, Hungary},
	pages={337-340},
	isbn={3-540-78799-2, 978-3-540-78799-0},
	url={http://dl.acm.org/citation.cfm?id=1792734.1792766}
}

@inproceedings{Jflow,
	author={Andrew C. Myers},
	year={1999},
	title={JFlow: Practical Mostly-static Information Flow Control},
	booktitle={Proceedings of the 26th ACM SIGPLAN-SIGACT Symposium on Principles of Programming Languages},
	series={POPL '99},
	publisher={ACM},
	address={New York, NY, USA},
	location={San Antonio, Texas, USA},
	pages={228-241},
	isbn={1-58113-095-3},
	url={http://doi.acm.org/10.1145/292540.292561}
}

@article{LangInfo,
	author={A. Sabelfeld and A. C. Myers},
	year={2006},
	month={sep},
	title={Language-based Information-flow Security},
	journal={IEEE J.Sel.A.Commun.},
	volume={21},
	number={1},
	pages={5-19},
	isbn={0733-8716},
	url={http://dx.doi.org/10.1109/JSAC.2002.806121}
}

@inbook{PrincInfoSec,
	author={Geoffrey Smith},
	editor={Christodorescu,Mihai and Jha,Somesh and Maughan,Douglas and Song,Dawn and Wang,Cliff},
	year={2007},
	title={Malware Detection},
	publisher={Springer US},
	address={Boston, MA},
	chapter={Principles of Secure Information Flow Analysis},
	pages={291-307},
	isbn={978-0-387-44599-1},
	url={http://dx.doi.org/10.1007/978-0-387-44599-1_13}
}

@inproceedings{Jacqueline,
 author = {Jean Yang and Travis Hance and Thomas H. Austin and Armando Solar-Lezama and Cormac Flanagan and Stephen Chong},
 title = {Precise, Dynamic Information Flow for Database-backed Applications},
 booktitle = {Proceedings of the 37th ACM SIGPLAN Conference on Programming Language Design and Implementation},
 series = {PLDI '16},
 year = {2016},
 isbn = {978-1-4503-4261-2},
 location = {Santa Barbara, CA, USA},
 pages = {631--647},
 numpages = {17},
 url = {http://doi.acm.org/10.1145/2908080.2908098},
 doi = {10.1145/2908080.2908098},
 acmid = {2908098},
 publisher = {ACM},
 address = {New York, NY, USA},
 keywords = {Web frameworks, information flow},
}

@inproceedings{Modular,
 author = {Marchand de Kerchove, Florent and Noy{\'e}, Jacques and S\"{u}dholt, Mario},
 title = {Towards Modular Instrumentation of Interpreters in JavaScript},
 booktitle = {Companion Proceedings of the 14th International Conference on Modularity},
 series = {MODULARITY Companion 2015},
 year = {2015},
 isbn = {978-1-4503-3283-5},
 location = {Fort Collins, CO, USA},
 pages = {64--69},
 numpages = {6},
 url = {http://doi.acm.org/10.1145/2735386.2736753},
 doi = {10.1145/2735386.2736753},
 acmid = {2736753},
 publisher = {ACM},
 address = {New York, NY, USA},
 keywords = {Expression Problem, Instrumentation, Interpreter, JavaScript, Modularity},
}

@inproceedings{SecuringWebContent,
 author = {Koskela, Joakim and Weaver, Nicholas and Gurtov, Andrei and Allman, Mark},
 title = {Securing Web Content},
 booktitle = {Proceedings of the 2009 Workshop on Re-architecting the Internet},
 series = {ReArch '09},
 year = {2009},
 isbn = {978-1-60558-749-3},
 location = {Rome, Italy},
 pages = {7--12},
 numpages = {6},
 url = {http://doi.acm.org/10.1145/1658978.1658981},
 doi = {10.1145/1658978.1658981},
 acmid = {1658981},
 publisher = {ACM},
 address = {New York, NY, USA},
 keywords = {accountability, http design, network architecture},
}

@inproceedings{DataExfilCSP,
 author = {Van Acker, Steven and Hausknecht, Daniel and Sabelfeld, Andrei},
 title = {Data Exfiltration in the Face of CSP},
 booktitle = {Proceedings of the 11th ACM on Asia Conference on Computer and Communications Security},
 series = {ASIA CCS '16},
 year = {2016},
 isbn = {978-1-4503-4233-9},
 location = {Xi'an, China},
 pages = {853--864},
 numpages = {12},
 url = {http://doi.acm.org/10.1145/2897845.2897899},
 doi = {10.1145/2897845.2897899},
 acmid = {2897899},
 publisher = {ACM},
 address = {New York, NY, USA},
 keywords = {DNS prefetching, content-security-policy, data exfiltration, large-scale study, resource prefetching, web browser},
}

@inproceedings{SelfExfil,
  title={Self-exfiltration: The dangers of browser-enforced information flow control},
  author={Chen, Eric Y and Gorbaty, Sergey and Singhal, Astha and Jackson, Collin},
  booktitle={Proceedings of the Workshop of Web 2.0 Security and Privacy},
  volume={2},
  year={2012},
  url={http://www.w2spconf.com/2012/papers/w2sp12-final11.pdf},
  organization={Citeseer}
}

@article{js10days,
author={C. Severance},
journal={Computer},
title={JavaScript: Designing a Language in 10 Days},
year={2012},
volume={45},
number={2},
pages={7-8},
keywords={Browsers;Computer languages;HTML;Java;Servers;Software engineering;Brendan Eich;HTML;JavaScript},
doi={10.1109/MC.2012.57},
ISSN={0018-9162},
month={Feb},}

@book{flanagan2011javascript,
  title={JavaScript: The Definitive Guide: Activate Your Web Pages},
  author={D. Flanagan},
  isbn={9781449308162},
  lccn={2011377767},
  year={2011},
  publisher={O'Reilly Media}
}

@misc{sameOrigin,
  title={Same-origin policy},
  author={J. Ruderman},
  year={2016 (accessed April, 2017)},
  howpublished={\url{https://developer.mozilla.org/en-US/docs/Web/Security/Same-origin_policy}},
  note = {[Online]; accessed April, 2017}
}

@misc{CORS,
  title={Cross-Origin Resource Sharing},
  author={Anne van Kesteren},
  year={2014},
  howpublished={\url{https://www.w3.org/TR/cors/}},
  note = {[Online]; accessed April, 2017}
}

@misc {csp,
  title={Content Security Policy (CSP)},
  author={Mozilla Developer Network},
  year={2017},
  howpublished={\url{https://developer.mozilla.org/en-US/docs/Web/HTTP/CSP}},
  note={[Online]; accessed April, 2017}
}

@techreport{cgi,
author = {D. Robinson and K. Coar},
title = {The Common Gateway Interface (CGI) Version 1.1},
howpublished = {Internet Request for Comments},
url = {https://tools.ietf.org/html/rfc3875},
institution = {The Internet Engineering Task Force},
year = {2004 (accessed April, 2017)}
}

@misc{comey,
title={Five Research Ideas Instagram Could Have Used to Protect Comey's Secret Twitter},
author={Jean Yang},
howpublished={\url{http://jxyzabc.blogspot.com/2017/03/five-research-ideas-instagram-could.html}},
year={2017},
note={[Online]; accessed April, 2017}
}

@misc{django,
title={Django REST framework},
author={Tom Christie},
howpublished={\url{http://www.django-rest-framework.org}},
year={2017},
note={[Online]; accessed April, 2017}
}

@misc{narc,
title={Narcissus},
howpublished={GitHub},
url={https://github.com/mozilla/narcissus},
year={2012},
note={accessed April, 2017}
}

@inproceedings{TINI,
 author = {Askarov, Aslan and Hunt, Sebastian and Sabelfeld, Andrei and Sands, David},
 title = {Termination-Insensitive Noninterference Leaks More Than Just a Bit},
 booktitle = {Proceedings of the 13th European Symposium on Research in Computer Security: Computer Security},
 series = {ESORICS '08},
 year = {2008},
 isbn = {978-3-540-88312-8},
 location = {M\&\#225;laga, Spain},
 pages = {333--348},
 numpages = {16},
 url = {http://dx.doi.org/10.1007/978-3-540-88313-5_22},
 doi = {10.1007/978-3-540-88313-5_22},
 acmid = {1462485},
 publisher = {Springer-Verlag},
 address = {Berlin, Heidelberg},
}
